
@article{a1,
author    = {GT Green,Eva and Staerklé,Christian and Sears, David O},
year      = 2006,
title = {Symbolic racism
and Whites’ attitudes towards punitive and preventive crime policies},
Journal     = {Crime, shame and reintegration},
Number = "30",
Volume = "4",
Pages="435-454"
}
@article{a4,
Author="Braithwaite, John",
Journal="IEEE Trans. Power Electronics",
Month="May",
Number ="",
Pages ="2511-2526",
Title ="Classification and Comparative Evaluation of PV Panel - Integrated DC - DC Converter Concepts",
Volume ="29",
Year =2014,
}



@article{a2,
 Author ="Walker, G. R. and Sernia, P. C.",
 Journal ="IEEE Trans. Power Electronics EEE",
 Month ="July",
 Number ="4",
 Pages ="1130-1139",
 Title ="Cascaded dc -  dc converter connection of photovoltaic modules",
 Volume ="19",
 Year =2004,
}


@article{a3,
 Author ="Matthew S Gerber",
 Journal ="Decision Support Systems",
 Number ="61",
 Pages ="115–125",
 Title ="Predicting crime using Twitter and kernel density estimation",
 Volume ="",
 Year =2014,
}


%%%%%%%%%%%%%%%%%%%%%%%%%%%%%%

@Book{b1,
author    = {Braithwaite, John},
year      = {1989},
title     = {Crime, shame and reintegration},
publisher = {Cambridge University Press}
}



%Conferences/Proceedings
%=======================

@inproceedings{p1,
author={Featherstone,Coral},
title={Identifying vehicle descriptions in microblogging text
with the aim of reducing or predicting crime},
booktitle="ICAST",
publisher= "IEEE",
address="",
pages= "1-8",
year=2013
}

@inproceedings{p2,
author="Yu, Chung-Hsien and Ding,Wei and Chen,Ping and Morabito,Melissa",
title="Crime
forecasting using spatio-temporal pattern with ensemble learning",
booktitle="PAKDD",
publisher= "Springer",
address="",
pages= "174-185",
year=2014
}

@inproceedings{p3,
author="Zhao,Xiangyu and Tang,Jiliang",
title="Modeling Temporal-Spatial Correlations
for Crime Prediction",
booktitle="CIKM",
publisher= "ACM",
address="",
pages= "497-506",
year=2017
}

@inproceedings{p4,
author="Jianxun Lian and Fuzheng Zhang and Xing Xie and Guangzhong Sun",
title="Restaurant
Survival Analysis with Heterogeneous Information",
booktitle="WWW",
publisher= "ACM",
address="",
pages= "993-1002",
year=2017
}

@inproceedings{p5,
author="Pengfei Wang and Yanjie Fu and Guannan Liu and Wenqing Hu and Charu Aggarwal",
title="Human Mobility Synchronization and Trip Purpose Detection with Mixture of
Hawkes Processes",
booktitle="KDD",
publisher= "ACM",
address="",
pages= "495-503",
year=2017
}

@inproceedings{p6,
author="Xian Wu and Yuxiao Dong and  Baoxu Shi and Ananthram Swami and Nitesh Chawla",
title="Who will attend this event together? event attendance prediction via deep LSTM
networks",
booktitle="SDM",
publisher= "SEAM",
address="",
pages= "180-188",
year=2018
}

@inproceedings{p7,
author="Hongjian Wang and Daniel Kifer and Corina Graif and Zhenhui Li",
title="Crime rate inference with big data",
booktitle="KDD",
publisher= "ACM",
address="",
pages= "635-644",
year=2016
}

@inproceedings{p8,
author="Nikolay Laptev and Jason Yosinski and Li Erran Li and Slawek Smyl",
title="Time-series
extreme event forecasting with neural networks at uber",
booktitle="ICML",
publisher= "",
address="",
pages= "",
year=2017
}

@misc{m1,
author="Braithwaite, John",
title="Crime, shame and reintegration",
howpublished="Cambridge UniversityPress.",
year=1989
}

